@manual{sage,
  Key          = {Sage},
  Author       = {William A. Stein and others},
  Organization = {The Sage Development Team},
  Title        = {{S}age {M}athematics {S}oftware ({V}ersion 4.6.2)},
  note         = {{\tt http://www.sagemath.org}},
  Year         = {2011},
}

@article {guardia,
    AUTHOR = {Gu{\`a}rdia, Jordi},
     TITLE = {On the {T}orelli problem and {J}acobian {N}ullwerte in genus
              three},
   JOURNAL = {Michigan Math. J.},
  FJOURNAL = {Michigan Mathematical Journal},
    VOLUME = {60},
      YEAR = {2011},
    NUMBER = {1},
     PAGES = {51--65},
}

@book {bliss,
    AUTHOR = {Bliss, Gilbert Ames},
     TITLE = {Algebraic functions},
 PUBLISHER = {Dover Publications Inc.},
   ADDRESS = {New York},
      YEAR = {1966},
     PAGES = {ix+218},
}

@misc{DLMF,
  title  = {{D}igital {L}ibrary of {M}athematical {F}unctions},
  year   = {2011},
  author = {{National Institute of Standards and Technology}},
  note   = {{\tt http://dlmf.nist.gov/21}},
}

@article{Plucker34,
  author  = {Julius Plucker},
  title   = {Solution d'une question fondamentale concernant theorie generale des courbes},
  year    = {1834},
  journal = {J. Reigne. Agnew. Math.},
  volume  = {12},
  pages   = {105--108},
}

@book{Bezout1779,
  author  = {Etienne B\'{e}zout},
  title   = {Th\'{e}orie g\'{e}n\'{e}rale des \'{e}quations alg\'{e}briques},
  year    = {1779},
  publisher = {Ph.D. Pierres},
  address   = {University of Lausanne},
}

@article{Dubrovin81,
  author  = {Boris Dubrovin},
  title   = {Theta functions and non-linear equations},
  year    = {1981},
  journal = {Russian Math. Surveys},
  volume  = {36},
  number  = {2},
  pages   = {11--92},
}

@article{DFS97,
  author  = "Boris Dubrovin and Ron Flickinger and Harvey Segur",
  title   = "Three--Phase Solutions fo the {K}adomtsev--{P}etviashvili Equation",
  year    = "1997",
  journal = "Studies in Applied Mathematics",
  volume  = "99",
  pages   = "137--203",
}

@article{PSV11,
  author  = "Daniel Plaumann and Bernd Sturmfels and Cynthia Vinzant",
  title   = "Quartic curves and their bitangents",
  year    = "2011",
  journal = "Journal of Symbolic Computation",
  volume  = "46",
  pages   = "712--733",
}

@article{PSV10,
  author  = "Daniel Plaumann and Bernd Sturmfels and Cynthia Vinzant",
  title   = "Computing Linear Matrix Represenations of {H}elton--{V}innikov Curves",
  year    = "2010",
  journal = "(preprint)",
  note    = "http://arxiv.org/abs/1011.6057",
}

@incollection{DeconinckPatterson2011,
  author  = "Bernard Deconinck and Matthew Patterson",
  booktitle = "Computational Approach to Riemann Surfaces",
  title   = {Computing with Plane Algebraic Curves and Riemann Surfaces: The Algorithms of the {M}aple Package {Algcurves}},
  year    = "2011",
  series  = "Lecture Notes in Mathematics",
  publisher = "Springer Berlin, Heidelberg",
}

@book {abhyankar,
   AUTHOR = {Abhyankar, S. S.},
    TITLE = {Algebraic geometry for scientists and engineers},
   SERIES = {Mathematical Surveys and Monographs},
   VOLUME = {35},
PUBLISHER = {American Mathematical Society},
  ADDRESS = {Providence, RI},
     YEAR = {1990},
    PAGES = {xiv+295},
     ISBN = {0-8218-1535-0},
}

@article {dvh1,
   AUTHOR = {Deconinck, B. and {v}an Hoeij, M.},
    TITLE = {Computing {R}iemann matrices of algebraic curves},
  JOURNAL = {Physica D},
   VOLUME = {152--153},
    PAGES = {28-46},
     YEAR = {2001}
}

@article{DHBvHS03,
  author  = "Bernard Deconinck and Matthias Heil and Alexander Bobenko and Mark van Hoeij and Marcus Schmies",
  title   = "Computing {R}iemann Theta Functions",
  year    = "2003",
  journal = "Mathematics of Computation",
  volume  = "73",
  number  = "247",
  pages   = "1417--1442",
}

@article{HeltonVinnikov07,
  author  = "J. William Helton and Victor Vinnikov",
  title   = "Linear matrix inequality representations of sets",
  journal = "Communiations on Pure and Applied Mathematics",
  year    = "2007",
  volume  = "60",
  number  = "5",
  pages   = "654--647",
}

@book{Baker97,
  author  = {Henry Frederick Baker},
  title   = {Abelian Functions: Abel's theorem and the allied theory of theta functions},
  publisher = {Cambridge University Press},
  address = {Cambridge},
  year    = {1897},
}

@article{Shiota86,
  author  = "Takahiro Shiota",
  title   = "Characterization of {J}acobian varieties in terms of soliton equations",
  journal = "Inventiones Mahtematicae",
  year    = "1986",
  volume  = "83",
  number  = "2",
  pages   = "333--382",
}

@book{AblowitzSegur81,
  author  = "Mark J. Ablowitz and Harvey Segur",
  title   = "Solitons and the inverse scattering transform",
  series  = "SIAM Studies in Applied Mathematics",
  publisher = "Society for Industrial and Applied Mathematics",
  address = "Philadelphia, PA",
  year    = "1981",
  volume  = "4",
}

@article{Krichever77,
  author  = "Igor M. Krichever",
  title   = "Integration of nonlinear equations by the methods of algebraic geometry",
  journal = "Functional Analysis and its Applications",
  year    = "1977",
  volume  = "11",
  number  = "1",
  pages   = "12--26",
}


@misc{Dolgachev03,
  author  = "Igor Dolgachev",
  title   = "Topics in Classical Algebraic Geometry",
  note    = "Lecture notes, posted at www.math.lsa.umich.edu/idolga",
}

@book{MumfordI07,
  author  = "David Mumford",
  title   = "Tata Lectures on Theta I",
  publisher = {Modern Birkh\"{a}user Classics, Birkh\"{a}user},
  address = "Boston, MA",
  year    = "1983",
}

@book{MumfordII07,
  author  = "David Mumford",
  title   = "Tata Lectures on Theta II",
  publisher = {Modern Birkh\"{a}user Classics, Birkh\"{a}user},
  address = "Boston, MA",
  year    = "1983",
}

@article{PocchiolaVegter93,
  author  = {Michel Pocchiola and Gert Vegter},
  title   = {The visibility complex},
  year    = {1993},
  journal = {SCG '93 Proceedings of the ninth annual symposium on Computational gemoetry},
  pages   = {328--337}
}

@book {belokolos,
   AUTHOR = {Belokolos, E. D. and Bobenko, A. I. and Enol'skii, V. Z. and Its,
             A. R. and Matveev, V. B.},
    TITLE = {Algebro-geometric approach to nonlinear integrable problems},
   SERIES = {Springer Series in Nonlinear Dynamics},
PUBLISHER = {Springer-Verlag},
  ADDRESS = {Berlin},
     YEAR = {1994},
    PAGES = {xii+337},
}

@article{Riemann76,
  author  = {Bernhard Riemann},
  title   = {Zur Theorie der {A}belschen Funktionen f\"{u}r den Fall $p=3$},
  address = {Werke, Leipzig},
  year    = {1876},
  pages   = {466--472},
}

@book{Griffiths89,
  title={Introduction to Algebraic Curves},
  author={Phillip A. Griffiths},
  isbn={9780821845370},
  lccn={89007000},
  series={Translations of mathematical monographs},
  url={http://books.google.com/books?id=n\_gGel1N1cAC},
  year={1989},
  publisher={American Mathematical Society}
}

@book{Ueno97,
  title={An Introduction to Algebraic Geometry},
  author={Ueno, K. and Nomizu, K.},
  isbn={9780821811443},
  lccn={97003030},
  series={Translations of mathematical monographs},
  url={http://books.google.com/books?id=kZeoIWrm60wC},
  year={1997},
  publisher={American Mathematical Society}
}
